@inproceedings{NIPS2017_3f5ee243,
 author = {Vaswani, Ashish and Shazeer, Noam and Parmar, Niki and Uszkoreit, Jakob and Jones, Llion and Gomez, Aidan N and Kaiser, \L ukasz and Polosukhin, Illia},
 booktitle = {Advances in Neural Information Processing Systems},
 editor = {I. Guyon and U. Von Luxburg and S. Bengio and H. Wallach and R. Fergus and S. Vishwanathan and R. Garnett},
 pages = {},
 publisher = {Curran Associates, Inc.},
 title = {Attention is All you Need},
 url = {https://proceedings.neurips.cc/paper/2017/file/3f5ee243547dee91fbd053c1c4a845aa-Paper.pdf},
 volume = {30},
 year = {2017}
}

@inproceedings{masala2020robert,
  title={RoBERT--A Romanian BERT Model},
  author={Masala, Mihai and Ruseti, Stefan and Dascalu, Mihai},
  booktitle={Proceedings of the 28th International Conference on Computational Linguistics},
  pages={6626--6637},
  year={2020}
}

@article{HochSchm97,
  author      = {Sepp Hochreiter and JÃ¼rgen Schmidhuber},
  journal     = {Neural Computation},
  title       = {Long Short-Term Memory},
  year        = {1997},
  number      = {8},
  pages       = {1735--1780},
  volume      = {9},
  optdoi      = {10.1162/neco.1997.9.8.1735},
  opteprint   = {http://dx.doi.org/10.1162/neco.1997.9.8.1735},
  opturl      = {http://dx.doi.org/10.1162/neco.1997.9.8.1735},
}

@inproceedings{devlin2019bert,
  title={BERT: Pre-training of Deep Bidirectional Transformers for Language Understanding},
  author={Devlin, Jacob and Chang, Ming-Wei and Lee, Kenton and Toutanova, Kristina},
  booktitle={Proceedings of the 2019 Conference of the North American Chapter of the Association for Computational Linguistics: Human Language Technologies, Volume 1 (Long and Short Papers)},
  pages={4171--4186},
  year={2019}
}

@misc{wandb,
  title = {Experiment Tracking with Weights and Biases},
  year = {2022},
  note = {Software available from wandb.com},
  url={https://www.wandb.com/},
  author = {Biewald, Lukas},
  note={accessed on 26.06.2022}
}