@Article{Gandhi_2023,
  author    = {Gandhi, Jay and Narmawala, Zunnun},
  title     = {{A Case Study on Estimation of Sensor Data Generation in Smart Cities and the role of Opportunistic Networks in Sensor Data Collection}},
  year      = {2023},
  month     = jun,
  doi       = {10.21203/rs.3.rs-2996750/v1},
  keywords  = {Smart City,Sensor Nodes,Opportunistic Networks,Data Loading},
  publisher = {Research Square Platform LLC},
}

@InProceedings{GSMA2024,
  author = {GSMA},
  title  = {{5G RedCap Case Studies Smart Grid | Smart City | Smart Manufacturing}},
  year   = {2024},
  url    = {https://www.gsma.com/about-us/regions/greater-china/wp-content/uploads/2024/06/GSMA-5G-RedCap-Case-Studies.pdf},
}

@Article{Liu_2024,
  author    = {Liu, Jinjin and Wu, Xiaofeng and Yuan, Peiyan},
  journal   = {Applied Sciences},
  title     = {{A Dynamic Edge Server Placement Scheme Using the Improved Snake Optimization Algorithm}},
  year      = {2024},
  issn      = {2076-3417},
  month     = nov,
  number    = {22},
  pages     = {10130},
  volume    = {14},
  doi       = {10.3390/app142210130},
  keywords  = {edge computing; server placement; linear programming; snake optimization algorithm},
  publisher = {MDPI AG},
}

@Article{Alasbali_2022,
  author    = {Alasbali, Nada and Azzuhri, Saaidal Razalli Bin and Salleh, Rosli Bin and Kiah, Miss Laiha Mat and Shariffuddin, Ahmad Aliff A. S. Ahmad and Kamel, Nik Muhammad Izwan bin Nik Mohd and Ismail, Leila},
  journal   = {Mobile Information Systems},
  title     = {{Rules of Smart IoT Networks within Smart Cities towards Blockchain Standardization}},
  year      = {2022},
  issn      = {1574-017X},
  month     = feb,
  pages     = {1--11},
  volume    = {2022},
  doi       = {10.1155/2022/9109300},
  editor    = {Khattak, Hasan Ali},
  publisher = {Hindawi Limited},
}

@InProceedings{Andersson_2014,
  author    = {Andersson, Karl and Kafle, Ved P.},
  booktitle = {2014 IEEE 11th Consumer Communications and Networking Conference (CCNC)},
  title     = {{Disaster-resilient mobile network architecture}},
  year      = {2014},
  month     = jan,
  pages     = {157--162},
  publisher = {IEEE},
  abstract  = {2014 IEEE 11th Consumer Communications and Networking Conference (CCNC);2014; ; ;10.1109/CCNC.2014.6866564},
  doi       = {10.1109/ccnc.2014.6866564},
  keywords  = {Disaster-Resilient Network, Future Internet, Mobile II. RELATED WORK Network Sakano et al. [4] proposed a disaster-resilient network},
}

@InProceedings{Madamori2021,
  author    = {Madamori, Oluwashina and Max-Onakpoya, Esther and Erhardt, Gregory D. and Baker, Corey E.},
  booktitle = {2021 16th Annual Conference on Wireless On-demand Network Systems and Services Conference (WONS)},
  title     = {Enabling Opportunistic Low-cost Smart Cities By Using Tactical Edge Node Placement},
  year      = {2021},
  month     = mar,
  pages     = {1--8},
  publisher = {IEEE},
  doi       = {10.23919/wons51326.2021.9415579},
  keywords  = {smart cities,opportunistic networks,delay tolerant networks,internet of things,gateways,edge computing,wireless},
}

@InProceedings{LatencyDefined2021,
  author    = {Madamori, Oluwashina and Max-Onakpoya, Esther and Erhardt, Gregory D. and Baker, Corey E.},
  booktitle = {2021 IEEE International Conference on Pervasive Computing and Communications Workshops and other Affiliated Events (PerCom Workshops)},
  title     = {A Latency-Defined Edge Node Placement Scheme for Opportunistic Smart Cities},
  year      = {2021},
  month     = mar,
  pages     = {142--147},
  publisher = {IEEE},
  doi       = {10.1109/percomworkshops51409.2021.9430977},
  keywords  = {smart cities,opportunistic networks,delay tolerant networks,internet of things,edge computing,wireless},
}

@InProceedings{Sinaeepourfard_2016,
  author    = {Sinaeepourfard, Amir and Garcia, Jordi and Masip-Bruin, Xavier and Marin-Tordera, Eva and Cirera, Jordi and Grau, Gloria and Casaus, Francesc},
  booktitle = {2016 Mediterranean Ad Hoc Networking Workshop (Med-Hoc-Net)},
  title     = {{Estimating Smart City sensors data generation}},
  year      = {2016},
  month     = jun,
  publisher = {IEEE},
  abstract  = {2016 Mediterranean Ad Hoc Networking Workshop (Med-Hoc-Net);2016; ; ;10.1109/MedHocNet.2016.7528424},
  doi       = {10.1109/medhocnet.2016.7528424},
  keywords  = {Smart City; Sensor Data; Data Managment; technological progress in chronological order points out that Data Collection; Data Aggregation; Internet of Things Smart City architectures do not provide yet any},
}

@Comment{jabref-meta: databaseType:bibtex;}
